@Book{Engineering-Maths,
    author = {Erwin Kreyszig},
    title = {Advanced Engineering Mathematics},
    publisher = {Wiley},
    year = {1993},
}

@Book{Koonin,
    author = {Steven Koonin and Dawn Meredith},
    title = {Computational Physics - Fortran Edition},
    publisher = {Addison Wesley},
    year = {1990},
}

@Book{Bethe-Salpeter,
    author = {Hans Bethe and Edwin Salpeter},
    title = {Quantum Mechanics of One- and Two-Electron Atoms},
    publisher = {Plenum Publishing Corporation},
    address = {New York},
    year = {1977},
}

@Book{Sakurai-Modern,
    author = {J.J. Sakurai},
    title = {Modern Quantum Mechanics},
    publisher = {Addison Wesley},
    address = {New York},
    year = {1994},
}

@Book{Sakurai-Advanced,
    author = {J.J. Sakurai},
    title = {Advanced Quantum Mechanics},
    publisher = {Addison Wesley},
    address = {New York},
    year = {1967},
}

@Book{Yndurain,
    author = {F.J. Yndurain},
    title = {Relativistic Quantum Mechanics and Introduction to Field Theory},
    publisher = {Springer-Verlag},
    address = {Berlin},
    year = {1996},
}

@Book{Akhiezer,
    author = {A.L. Akhiezer and V.B. Berestetskii},
    title = {Quantum Electrodynamics},
    publisher = {Wiley},
    address = {New York},
    year = {1965},
}

@Book{Weinberg,
    author = {Steven Weinberg},
    title = {The Quantum Theory of Fields - Volume I Foundations},
    publisher = {Cambridge University Press},
    year = {1996},
}

@Book{Greiner,
    author = {Walter Greiner and Joachim Reinhardt},
    title = {Quantum Electrodynamics},
    publisher = {Springer-Verlag},
    address = {Berlin},
    year = {1994},
}

@Book{Bransden-Joachain,
    author = {B.H. Bransden and C.J. Joachain},
    title = {Physics of Atoms and Molecules},
    publisher = {Longmann Scientific and Technical},
    address = {Essex, England},
    year = {1994},
}

@Book{Pirenne,
    author = {M.H. Pirenne},
    title = {The Diffraction of X-Rays and Electrons by Free Molecules},
    publisher = {Cambridge University Press, London},
    year = {1946},
}

@Article{Hubbell-1975,
    author = {J.H. Hubbell and Wm.J. Veigele and E.A. Briggs and
              R.T. Brown and D.T. Cromer and R.J. Howerton},
    title = {Atomic Form Factors, Incoherent Scattering Functions,
             and Photon Scattering Cross Sections},
    journal = {J. Phys. Chem. Ref. Data},
    year = {1975},
    volume = {4},
    number = {3},
}

@Incollection{Chantler-Book,
    author = {C.T. Chantler},
    title = {Towards improved form factor tables},
    booktitle = {Resonant Anomalous X-Ray Scattering - Theory and Applications},
    editor = {G. Materlik and C.J. Sparks and K. Fischer},
    publisher = {North-Holland},
    year = {1994},
}

@Incollection{Kissel-S-Matrix,
    author = {R.H. Pratt and Lynn Kissel and P.M. {Bergstrom Jr}},
    title = {New relativistic {S-Matrix} results for scattering - beyond the
             usual anomalous factors/beyond impulse approximations},
    booktitle = {Resonant Anomalous X-Ray Scattering - Theory and Applications},
    editor = {G. Materlik and C.J. Sparks and K. Fischer},
    publisher = {North-Holland},
    year = {1994},
}

@Incollection{Templeton,
    author = {David H. Templeton},
    title = {X-ray resonance, then and now},
    booktitle = {Resonant Anomalous X-Ray Scattering - Theory and Applications},
    editor = {G. Materlik and C.J. Sparks and K. Fischer},
    publisher = {North-Holland},
    year = {1994},
}

@Incollection{Crasemann,
    author = {Bernd Crasemann},
    title = {Photon-Atom Interactions : 1 {keV} - 1 {MeV}},
    booktitle = {Atomic, Molecular and Optical Physics Handbook},
    editor = {Gordon W. F. Drake},
    publisher = {American Institute of Physics Press},
    address = {Woodbury, New York},
    year = {1995},
}

@Incollection{Creagh-Hubbell,
    author = {D. Creagh and J.H. Hubbell},
    title = {Section 4.2.4},
    booktitle = {International Tables for X-ray Crystallography - Volume C},
    editor = {A.J.C. Wilson},
    publisher = {Kluwer Academic},
    address = {Dordrecht},
    year = {1992},
}

@Incollection{Creagh-McAuley,
    author = {D. Creagh and W.J. McAuley},
    title = {Section 4.2.6},
    booktitle = {International Tables for X-ray Crystallography - Volume C},
    editor = {A.J.C. Wilson},
    publisher = {Kluwer Academic},
    address = {Dordrecht},
    year = {1992},

}

@Article{Schaupp-1983,
    author = {D. Schaupp and M. Schumacher and F. Smend and
              P. Rullhusen and J.H. Hubbell},
    title = {Small-Angle Rayleigh Scattering of Photon at High Energies:
             Tabulations of Relativistic HFS Modified Atomic Form Factors},
    journal = {J. Phys. Chem. Ref. Data},
    year = {1983},
    volume = {12},
    number = {3},
}
 @Article{Hubbell-1980,
    author = {J.H. Hubbell and H. A. Gimm and I. \Overb\o},
    title = {Pair, Triplet and Total Atomic Cross Sections (and Mass Attenuation
             Coefficients) for 1 MeV-100 GeV Photons in Elements Z = 1 to 100},
    journal = {J. Phys. Chem. Ref. Data},
    year = {1980},
    volume = {9},
    number = {4},
 }

 @Article{hubbell-overbo-relativistic-1979,
    author = {J.H. Hubbell and I. \Overb\o},
    title = {Relativistic Atomic Form Factors and Photon Coherent Scattering
             Cross Sections},
    journal = {J. Phys. Chem. Ref. Data},
    year = {1979},
    volume = {8},
    number = {1},
}

@Article{Sapirstein,
    author = {J. Sapirstein},
    title = {Theoretical methods for the relativistic atomic many-body problem},
    journal = {Reviews of Modern Physics},
    year = {1998},
    volume = {70},
    number = {1},
}

@Article{Bethe-Levinger,
    author = {J. S. Levinger},
    title = {},
    journal = {Phys. Rev.},
    volume = {87},
    pages = {656-662},
    year = {1952},
    note = {quoting H.A. Bethe},
}

@Article{Smend-Schumacher,
    author = {F. Smend and M. Schumacher},
    title = {},
    journal = {Nucl. Phys. A},
    volume = {223},
    pages = {423-428},
    year = {1974},
}

@Article{Henke-Experimental,
    author = {B.L. Henke and and P. Lee and T.J. Tanaka and 
              R.L. Shimabukoro and B.K. Fujikawa},
    title = {},
    journal = {At. Dat. Nucl. Dat. Tab.},
    volume = {27},
    pages = {1-144},
    year = {1982},
}

@Article{Cromer-1,
    author = {D.T. Cromer and D.J. Libermann},
    title = {},
    journal = {J. Chem. Phys.},
    volume = {53},
    pages = {1891-1898},
    year = {1970},
}

@Article{Cromer-2,
    author = {D.T. Cromer and J.B. Mann},
    title = {},
    journal = {Acta Cryst.},
    volume = {A24},
    pages = {321-324},
    year = {1968},
}

@Article{Cromer-3,
    author = {D.T. Cromer and D.J. Libermann},
    title = {},
    journal = {Acta Cryst.},
    volume = {A37},
    pages = {267-268},
    year = {1980},
}

@Article{Kane-Kissel-Pratt,
    author = {P.P. Kane and L. Kissel and R.H. Pratt and S.C. Roy},
    title = {},
    journal = {Phys. Rep.},
    volume = {140},
    year = {1986},
    pages = {75-159},
}

@Book{Chantler-Tabulation,
    author = {C.T. Chantler},
    title = {Theoretical Tabulation of Atomic Form Factors for Z=1 to Z=92},
    year = {1995},
}

@Book{James,
    author = {R.W. James},
    title = {The Optical Principles of the Diffraction of X-rays},
    publisher = {Cornell University Press},
    year = {1965},
}

@Article{Saloman-Hubbell-Scofield,
    author = {E.B. Saloman and J.H. Hubbell and J.H. Scofield},
    title = {},
    journal = {At. Dat. Nucl. Dat. Tables},
    volume = {38},
    year = {1988},
    pages = {1-197},
}

